%% LaTeX2e file `refs.bib'
%% generated by the `filecontents' environment
%% from source `refs' on 2022/11/21.
%%
@ARTICLE{numpy,
  author  = {Harris, Charles R. and others},
  title   = {Array programming with NumPy},
  journal = {Nature},
  year    = {2020},
  volume  = {585},
  pages   = {357–362},
  doi     = {10.1038/s41586-020-2649-2}
}
@inproceedings{pandas,
  title={Data structures for statistical computing in python},
  author={McKinney, Wes and others},
  booktitle={Proceedings of the 9th Python in Science Conference},
  volume={445},
  pages={51--56},
  year={2010},
  organization={Austin, TX}
}
@Techreport{python,    title= {Python tutorial},    author = {G. van Rossum},    number={CS-R9526},    institution= {Centrum voor Wiskunde en Informatica (CWI)},    year= {1995},    address={Amsterdam},    month={May}  }

@article{sklearn,
 title={Scikit-learn: Machine Learning in Python},
 author={Pedregosa, F. et al.},
 journal={Journal of Machine Learning Research},
 year={2011}
}

@article{tensorflow,
title={TensorFlow: Large-Scale Machine Learning on Heterogeneous Systems},
url={https://www.tensorflow.org/},
note={Software available from tensorflow.org},
author={Martin, A. et al.},
year={2015}
}

@article{keras,
  title={Keras},
  author={Chollet, F. et al.},
  year={2015},
  url={https://keras.io}
}

@article{bottou2005,
author = {Bottou, L. and Lecun, Y.},
year = {2005},
pages = {137 - 151},
title = {On-line learning for very large data sets},
volume = {21},
journal = {Applied Stochastic Models in Business and Industry},
doi = {10.1002/asmb.538}
}
@INPROCEEDINGS{arteaga2019,
  author={Arteaga, JM. H. and Hancharou, F. and Thams, F. and Chatzivasileiadis, S.},
  booktitle={2019 IEEE Milan PowerTech}, 
  title={Deep Learning for Power System Security Assessment}, 
  year={2019},
  pages={1-6},
  doi={10.1109/PTC.2019.8810906}}
  
@article{lstm,
author = {Hochreiter, S. and Schmidhuber, J.},
year = {1997},
month = {12},
pages = {1735-80},
title = {Long Short-term Memory},
volume = {9},
journal = {Neural computation},
doi = {10.1162/neco.1997.9.8.1735}
}
@INPROCEEDINGS{Han2021,
  author={Han, Xiaoyan and Chen, Zhen and Wang, Yucui and Lai, Xinyi and Ding, Lijie and Wen, Fushuan},
  booktitle={2021 International Conference on Power System Technology (POWERCON)}, 
  title={LSTM-CNN-Based Transient Stability Assessment}, 
  year={2021},
  pages={1930-1935},
  doi={10.1109/POWERCON53785.2021.9697781}}
  
@article{Hu2017,
author = {Hu, W. and Zheng, L. and Min, Y. and Dong, Y. and Yu, R. and Wang, L.},
year = {2017},
month = {10},
pages = {3140-3146},
title = {Research on Power System Transient Stability Assessment Based on Deep Learning of Big Data Technique},
volume = {41},
journal = {Dianwang Jishu/Power System Technology},
doi = {10.13335/j.1000-3673.pst.2017.1889}
}

@ARTICLE{sunita2013,
  author={Sunitha, R. and Kumar, R. S. and Abraham, M. T.},
  journal={IEEE Transactions on Power Systems}, 
  title={Online Static Security Assessment Module Using Artificial Neural Networks}, 
  year={2013},
  volume={28},
  number={4},
  pages={4328-4335},
  doi={10.1109/TPWRS.2013.2267557}}
  
@ARTICLE{amjady2004,
  author={Amjady, N.},
  journal={IEEE Transactions on Power Systems}, 
  title={A framework of reliability assessment with consideration effect of transient and voltage stabilities}, 
  year={2004},
  volume={19},
  number={2},
  pages={1005-1014},
  doi={10.1109/TPWRS.2004.825866}}
  
@INPROCEEDINGS{Krishna2016,
  author={Paramathma, M. Krishna and Devaraj, D. and Reddy, B Subba},
  booktitle={2016 International Conference on Emerging Trends in Engineering, Technology and Science (ICETETS)}, 
  title={Artificial neural network based static security assessment module using PMU measurements for smart grid application}, 
  year={2016},
  volume={},
  number={},
  pages={1-5},
  doi={10.1109/ICETETS.2016.7603086}}
  
@article{Huang2001,
  doi = {10.1049/ip-gtd:20010296},
  year = {2001},
  publisher = {Institution of Engineering and Technology (IET)},
  volume = {148},
  number = {4},
  pages = {319},
  author = {S.-J. Huang},
  title = {Static security assessment of a power system using query-based learning approaches with genetic enhancement},
  journal = {IEEE Proceedings - Generation,  Transmission and Distribution}
}

@ARTICLE{Xu2016,
  author={Xu, Yan and Zhang, Rui and Zhao, Junhua and Dong, Zhao Yang and Wang, Dianhui and Yang, Hongming and Wong, Kit Po},
  journal={IEEE Transactions on Neural Networks and Learning Systems}, 
  title={Assessing Short-Term Voltage Stability of Electric Power Systems by a Hierarchical Intelligent System}, 
  year={2016},
  volume={27},
  number={8},
  pages={1686-1696},
  doi={10.1109/TNNLS.2015.2441706}}
  
@article{Gharehpetian2009,
author = {Gharehpetian, G. B. and Mohammadi, M.},
year = {2009},
month = {09},
pages = {701 - 712},
title = {Application of core vector Machines for on-line voltage security assessment using a DT-based feature selection algorithm},
volume = {3},
journal = {Generation, Transmission \& Distribution, IET},
doi = {10.1049/iet-gtd.2008.0374}
}

@article{Edwards1996,
  doi = {10.1049/ip-gtd:19960053},
  year = {1996},
  publisher = {Institution of Engineering and Technology (IET)},
  volume = {143},
  number = {2},
  pages = {129},
  author = {Edwards, A.R. and Chan, K.W. and Dunn, R.W. and Daniels, A.R.},
  title = {Transient stability screening using artificial neural networks within a dynamic security assessment system},
  journal = {IEEE Proceedings - Generation,  Transmission and Distribution}
}

@MANUAL{Anatem,
title={Anatem - Manual Anatem Release 11.6},
author={CEPEL},
organization={CEPEL},
address={Rio de Janeiro, Brasil},
year={2019}
}

@thesis{silva2019,
title = {Modelo Matemático para a Melhoria da Estabilidade Transitória de Sistemas Elétricos de Potência Baseado na Mudança Estrutural do Sistema de Transmissão},
author = {Silva, T. R. V.},
type = {Tese (Doutorado em Engenharia)},
institution = {Universidade Estadual Paulista},
location = {Ilha Solteira},
year = {2019},
}

@InProceedings{alonso2007,
author={Sànchez-Maro, N. and Alonso-Betanzos, S. and Tombilla-Sanromàn, M.},
title={Filter Methods for Feature Selection -- A Comparative Study},
booktitle={Intelligent Data Engineering and Automated Learning - IDEAL 2007},
year={2007},
publisher={Springer Berlin Heidelberg},
address={Berlin, Heidelberg},
pages={178--187},
isbn={978-3-540-77226-2}
}

@article{kohavi1997,
title = {Wrappers for feature subset selection},
journal = {Artificial Intelligence},
volume = {97},
number = {1},
pages = {273-324},
year = {1997},
issn = {0004-3702},
doi = {https://doi.org/10.1016/S0004-3702(97)00043-X},
author = {Kohavi, R. and John, G. H.}}

@InProceedings{smagt2011,
author={Rückstieb, T. and Osendorfer, C. and Smagt, P.},
title={Sequential Feature Selection for Classification},
booktitle={AI 2011: Advances in Artificial Intelligence},
year={2011},
publisher={Springer Berlin Heidelberg},
address={Berlin, Heidelberg},
pages={132--141},
isbn={978-3-642-25832-9}
}

@article{kohavi2001,
author = {Kohavi, R.},
year = {2001},
month = {03},
title = {A Study of Cross-Validation and Bootstrap for Accuracy Estimation and Model Selection},
volume = {14}
}

@BOOK{hastie2009,
  title     = {The elements of statistical learning},
  author    = {Hastie, T. and Tibshirani, R. and Friedman, J.},
  publisher = {Springer},
  series    = {Springer series in statistics},
  edition   = {2},
  year      = {2009},
  address   = {New York, NY},
}


@ARTICLE{sammon1969,
  author={Sammon, J. W.},
  journal={IEEE Transactions on Computers},
  title={A Nonlinear Mapping for Data Structure Analysis},
  year={1969},
  volume={C-18},
  number={5},
  pages={401-409},
  doi={10.1109/T-C.1969.222678}}

@BOOK{vapnik1998,
  title     = {Statistical learning theory},
  author    = {Vapnik, Vladimir N},
  publisher = {John Wiley \& Sons},
  series    = {Adaptive and Cognitive Dynamic Systems: Signal Processing, Learning, Communications and Control},
  year      =  {1998},
  address   = {Nashville, TN},
}

@report{kamwa2007,
author = {Morisson, K. and Kamwa, I. and Glavic, M.},
year = {2007},
title = {Review of on-line dynamic security assessment tools and techniques},
journal = {CIGREE Review}
}

@article{McCulloch1943,
  doi = {10.1007/bf02478259},
  url = {https://doi.org/10.1007/bf02478259},
  year = {1943},
  publisher = {Springer Science and Business Media LLC},
  volume = {5},
  number = {4},
  pages = {115--133},
  author = {Warren S. McCulloch and Walter Pitts},
  title = {A logical calculus of the ideas immanent in nervous activity},
  journal = {The Bulletin of Mathematical Biophysics}
}

@ARTICLE{bedi2018,
  author={Bedi, G. and Venayagamoorthy, G. K. and Singh, R. and Brooks, R. R. and Wang, K. C.},
  journal={IEEE Internet of Things Journal},
  title={Review of Internet of Things (IoT) in Electric Power and Energy Systems},
  year={2018},
  volume={5},
  number={2},
  pages={847-870},
  doi={10.1109/JIOT.2018.2802704}}

@ARTICLE{taha2018,
  author={Taha, A. F. and Qi, J. and Wang, J. and Panchal, J. H.},
  journal={IEEE Transactions on Smart Grid},
  title={Risk Mitigation for Dynamic State Estimation Against Cyber Attacks and Unknown Inputs},
  year={2018},
  volume={9},
  number={2},
  pages={886-899},
  doi={10.1109/TSG.2016.2570546}}

@article{Xu2020,
  doi = {10.1186/s41601-020-00164-w},
  year = {2020},
  publisher = {Springer Science and Business Media LLC},
  volume = {5},
  number = {1},
  author = {Xu, Y.},
  title = {A review of cyber security risks of power systems: from static to dynamic false data attacks},
  journal = {Protection and Control of Modern Power Systems}
}

@ARTICLE{lin2020,
  author={Lin, D. and Liu, Q. and Li, Z. and Zeng, G. and Wang, Z. and Yu, T. and Zhang, J.},
  journal={IEEE Access},
  title={Elaborate Reliability Evaluation of Cyber Physical Distribution Systems Considering Fault Location, Isolation and Supply Restoration Process},
  year={2020},
  volume={8},
  pages={128574-128590},
  doi={10.1109/ACCESS.2020.3007477}}

@article{Yohanandhan2020,
  doi = {10.1109/access.2020.3016826},
  year = {2020},
  publisher = {Institute of Electrical and Electronics Engineers (IEEE)},
  volume = {8},
  pages = {151019--151064},
  author = {Rajaa, V. Y. and Rajvikram, M. E. and Premkumar, M. and Lucian, M. P.},
  title = {Cyber-Physical Power System (CPPS): A Review on Modeling,  Simulation,  and Analysis With Cyber Security Applications},
  journal = {IEEE Access}
}

@ARTICLE{swarup2002,
  author={Swarup, K. S. and Corthis, P. B.},
  journal={IEEE Computer Applications in Power},
  title={ANN approach assesses system security},
  year={2002},
  volume={15},
  number={3},
  pages={32-38},
  doi={10.1109/MCAP.2002.1018820}
}

@book{james2014,
  title={An Introduction to Statistical Learning: with Applications in R},
  author={James, G. and Witten, D. and Hastie, T. and Tibshirani, R.},
  isbn={9781461471370},
  lccn={13936251},
  series={Springer Texts in Statistics},
  year={2014},
  publisher={Springer New York}
}

@book{bishop2006,
  title={Pattern Recognition and Machine Learning},
  author={Bishop, C. N.},
  isbn={978-0-387-31073-2},
  lssn={1613-9011},
  series={Springer-Verlag New York},
  year={2006},
  publisher={Springer New York}

}

@book{monticelli1983,
title={Fluxo de Carga em Redes de Energia Elétrica},
author={Monticelli, A. J.},
year={1983},
publisher={Edgard Blütcher}
}

@book{kundur1994,
title={Power System Stability and Control},
author={Kundur, P.},
year={1994},
publisher={McGraw-Hill}
}

@article{kalyani2011,
title={Classification and Assessment of Power System Security Using Multiclass SVM},
author={Kalyani, S. and Swarup, K. S.},
volume={41},
year={2011},
journal={IEEE Transactions on Systems, Man and Cybernetics},
note={Part C (Applications and Reviews)}
}

@ARTICLE{kundur2004,
  author={Kundur, P. and Paserba, J and Ajjarapu, V. and Andersson, G. and Bose, A. and Canizares, C. and Hatziargyriou, N. and Hill, D. and Stankovic, A. and Taylor, C. and Van Cutsem, T. and Vittal, V.},
  journal={IEEE Transactions on Power Systems},
  title={Definition and classification of power system stability IEEE/CIGRE joint task force on stability terms and definitions},
  year={2004},
  volume={19},
  number={3},
  pages={1387-1401},
  doi={10.1109/TPWRS.2004.825981}
}

@thesis{paz2004,
title = {Implementação de um Simulador Numérico Num Programa Computacional de Estabilidade},
author = {Paz, A. R. A.},
type = {Dissertação (Mestrado em Engenharia)},
institution = {Universidade Federal do Maranhão},
location = {São Luis},
year = {2004},
}

@inproceedings{platt2000,
 author = {Platt, J. and Cristianini, N. and Shawe-Taylor, J.},
 booktitle = {Advances in Neural Information Processing Systems},
 editor = {S. Solla and T. Leen and K. Müller},
 publisher = {MIT Press},
 title = {Large Margin DAGs for Multiclass Classification},
 volume = {12},
 year = {1999}
}

@article{hsu2002,
  doi = {10.1109/72.991427},
  url = {https://doi.org/10.1109/72.991427},
  year = {2002},
  publisher = {Institute of Electrical and Electronics Engineers (IEEE)},
  volume = {13},
  number = {2},
  pages = {415--425},
  author = {Hsu, C. W and  Lin, C. J},
  title = {A comparison of methods for multiclass support vector machines},
  journal = {IEEE Transactions on Neural Networks}
}

@ARTICLE{wang2011,
  author={Wang, X. and Yi, P.},
  journal={IEEE Transactions on Smart Grid},
  title={Security Framework for Wireless Communications in Smart Distribution Grid},
  year={2011},
  volume={2},
  pages={809-818},
  doi={10.1109/TSG.2011.2167354}
}

@article{ghosa2013,
author = {Ghosh, D. and Ghose, T. and Mohanta, D. K.},
title ={Reliability analysis of a geographic information system-aided optimal phasor measurement unit location for smart grid operation},
journal = {Proceedings of the Institution of Mechanical Engineers, Part O: Journal of Risk and Reliability},
volume = {227},
number = {4},
pages = {450-458},
year = {2013},
doi = {10.1177/1748006X13482853},
}

@ARTICLE{aminifar2010,
  author={Aminifar, F. and Khodaei, A. and Fotuhi-Firuzabad, M. and Shahidehpour, M.},
  journal={IEEE Transactions on Power Systems},
  title={Contingency-Constrained PMU Placement in Power Networks},
  year={2010},
  volume={25},
  number={1},
  pages={516-523},
  doi={10.1109/TPWRS.2009.2036470}
  }

@Article{storn1997,
author={Storn, R. and Price, K.},
title={Differential Evolution -- A Simple and Efficient Heuristic for global Optimization over Continuous Spaces},
journal={Journal of Global Optimization},
year={1997},
volume={11},
number={4},
pages={341-359},
doi={10.1023/A:1008202821328},
url={https://doi.org/10.1023/A:1008202821328}
}

@book{storn2005,
author = {Storn, R. and Price, K. and Lampinen, J. A.},
title = {Differential Evolution: A Practical Approach to Global Optimization (Natural Computing Series)},
year = {2005},
isbn = {3540209506},
publisher = {Springer-Verlag},
address = {Berlin, Heidelberg}
}

@INPROCEEDINGS{chan1995,
  author={Chan, K.W. and Edwards, A.R. and Dunn, R.W. and Daniels, A.R.},
  booktitle={ICDS '95. First International Conference on Digital Power System Simulators},
  title={Real-time electromechanical transient simulator for on-line applications},
  year={1995},
  pages={259-},
  doi={10.1109/ICDS.1995.492839}
}

@book{theodoridis2003,
  title={Pattern Recognition (2nd ed.)},
  author={Theodoridis, S. and Koutroumbas, K.},
  isbn={9780080513621},
  year={2003},
  publisher={Elsevier}
}

@INPROCEEDINGS{xianlin1993,
  author={Parsi-Feraidoonian, R. and Sun, X. L. and Wvong, M. D.},
  booktitle={Proceedings of TENCON '93. IEEE Region 10 International Conference on Computers, Communications and Automation},
  title={Catastrophe theory model of multimachine power systems for transient stability studies},
  year={1993},
  volume={5},
  pages={187-190 vol.5},
  doi={10.1109/TENCON.1993.320615}}

@article{gharehpetian2008,
author = {Gharehpetian, G. B.},
year = {2008},
title = {Power System On-Line Static Security Assessment by Using Multi-Class Support Vector Machines},
volume = {8},
journal = {Journal of Applied Sciences},
doi = {10.3923/jas.2008.2226.2233}
}

@book{haykin1994,
  title={Neural Networks: A Comprehensive Foundation},
  author={Haykin, S.},
  isbn={9780023527616},
  lccn={93028092},
  year={1994},
  publisher={Macmillan},
  address = {Michigan}
}

@book{haykin2009,
  title={Neural Networks and Learning Machines},
  author={Haykin, S.},
  number={v. 10},
  isbn={9780131471399},
  lccn={2008034079},
  series={Neural networks and learning machines},
  year={2009},
  publisher={Prentice Hall}
}

@book{pereira2006,
  title={Estruturas de Dados Fundamentais: Conceitos e Aplicações},
  author={Pereira, S. L.},
  isbn={9788536525457},
  year={2006},
  publisher={Saraiva Educação S.A.}
}

@article{guyon2003,
author = {Guyon, I. and Elisseeff, A.},
year = {2003},
pages = {1157 - 1182},
title = {An Introduction of Variable and Feature Selection},
volume = {3},
journal = {J. Machine Learning Research Special Issue on Variable and Feature Selection},
doi = {10.1162/153244303322753616}
}

@article{tsang2005,
  author  = {Tsang, I. W. H. and Kwok, J. T. Y. and Cheung, P.},
  title   = {Core Vector Machines: Fast SVM Training on Very Large Data Sets},
  journal = {Journal of Machine Learning Research},
  year    = {2005},
  volume  = {6},
  number  = {13},
  pages   = {363--392},
  url     = {http://jmlr.org/papers/v6/tsang05a.html}
}

@article{tsang2006,
  doi = {10.1109/tnn.2006.878123},
  year = {2006},
  publisher = {Institute of Electrical and Electronics Engineers (IEEE)},
  volume = {17},
  number = {5},
  pages = {1126--1140},
  author = {Tsang, I. W. H. and  Kwok, J. T. Y. and Zurada, J. A.},
  title = {Generalized Core Vector Machines},
  journal = {IEEE Transactions on Neural Networks}
}

@ARTICLE{kessel1986,
  author={Kessel, P. and Glavitsch, H.},
  journal={IEEE Transactions on Power Delivery},
  title={Estimating the Voltage Stability of a Power System},
  year={1986},
  volume={1},
  number={3},
  pages={346-354},
  doi={10.1109/TPWRD.1986.4308013}}

@Article{Burges1998,
author={Burges, C. J. C.},
title={A Tutorial on Support Vector Machines for Pattern Recognition},
journal={Data Mining and Knowledge Discovery},
year={1998},
volume={2},
number={2},
pages={121-167},
issn={1573-756X},
url={https://doi.org/10.1023/A:1009715923555}
}

@article{marks2001,
author = {Moulin, L.S. and da Silva, A. P. A. and El-Sharkawi, M.A. and Marks, R.J.},
year = {2001},
pages = {205 - 212},
title = {Neural networks and support vector machines applied to power systems transient stability analysis},
volume = {9},
journal = {International journal of engineering intelligent systems for electrical engineering and communications},
}


@article{marks2004,
author = {Moulin, L.S. and da Silva, A. P. A. and El-Sharkawi, M.A. and Marks, R.J.},
year = {2004},
pages = {818 - 825},
title = {Support Vector Machines for Transient Stability Analysis of Large-Scale Power Systems},
volume = {19},
journal = {IEEE Transactions on Power Systems},
doi = {10.1109/TPWRS.2004.826018}
}

@article{mohammadi2004,
author = {Mohammadi, M. and Gharehpetian, G.B.},
year = {2004},
pages = {2226-2233},
title = {Power System On-Line Static Security Assessment by Using Multi-Class Support Vector Machines},
volume = {8},
journal = {Journal of Applied Sciences},
doi = {10.3923/jas.2008.2226.2233}
}

@article{sauer2008,
author = {Sauer, P.W. and Pai, A.},
year = {2008},
title = {Power system dynamics and stability},
journal = {SERBIULA (Sistema Librum 2.0)}
}

@book{sauer2017,
  title={Power System Dynamics and Stability: With Synchrophasor Measurement and Power System Toolbox (2nd. Ed.)},
  author={Sauer, P.W. and Pai, A. and Chow, J. H.},
  isbn={9781119355779},
  year={2017},
  publisher={Institute of Electrical and Electronics Engineers (IEEE)},
}

@ARTICLE{kesse1986,
author={Kessel, P. and Glavitsch, H.},
journal={IEEE Transactions on Power Delivery},
title={Estimating the Voltage Stability of a Power System},
year={1986},
volume={1},
number={3},
pages={346-354},
doi={10.1109/TPWRD.1986.4308013}
}

@ARTICLE{jensen2001,
author={Jensen, C.A. and El-Sharkawi, M.A. and Marks, R.J.},
journal={IEEE Transactions on Power Systems},
title={Power system security assessment using neural networks: feature selection using Fisher discrimination},
year={2001},
volume={16},
number={4},
pages={757-763},
doi={10.1109/59.962423}
}

@article{yang1998,
author = {Yang, J. and Honavar, V.},
year = {1998},
pages = {44 - 49},
title = {Feature Subset Selection Using a Genetic Algorithm},
volume = {13},
isbn = {978-1-4613-7622-4},
journal = {Intelligent Systems and their Applications, IEEE},
doi = {10.1109/5254.671091}
}

@INPROCEEDINGS{diaz2002,
  author={Diaz de Leon, J. A. and Taylor, C. W.},
  booktitle={IEEE Power Engineering Society Summer Meeting,},
  title={Understanding and solving short-term voltage stability problems},
  year={2002},
  volume={2},
  pages={745-752 vol.2},
  doi={10.1109/PESS.2002.1043412}
  }

@article{xu2010,
author = {Meng, K. and Dong, Z.Y. and Wong, K. and Xu, Y. and Luo, F.},
year = {2010},
month = {06},
pages = {652 - 661},
title = {Speed-up the computing efficiency of power system simulator for engineering-based power system transient stability simulations},
volume = {4},
journal = {Generation Transmission and Distribution IET},
doi = {10.1049/iet-gtd.2009.0701}
}

@INPROCEEDINGS{xu2011,
  author={Zhang, R. and Xu, Y. and Dong, Z. Y. and Meng, K. and Xu, Z.},
  booktitle={2011 4th International Conference on Electric Utility Deregulation and Restructuring and Power Technologies (DRPT)},
  title={Intelligent systems for power system dynamic security assessment: Review and classification},
  year={2011},
  pages={134-139},
  doi={10.1109/DRPT.2011.5993876}}

@book{breiman1984,
  title={Classification and Regression Trees (1st ed.},
  author={Breiman, L. and Friedman, J.H. and Olshen, R. and Stone, C.J.},
  isbn={9781315139470},
  year={1984},
  publisher={Routledge},
}

@inproceedings{kira1992,
author = {Kira, K. and Rendell, L. A.},
title = {The Feature Selection Problem: Traditional Methods and a New Algorithm},
year = {1992},
isbn = {0262510634},
publisher = {AAAI Press},
booktitle = {Proceedings of the Tenth National Conference on Artificial Intelligence},
pages = {129–134},
location = {San Jose, California},
series = {AAAI'92}
}

@INPROCEEDINGS{leon2002,
  author={Leon, J. A. D. and Taylor, C. W.},
  booktitle={IEEE Power Engineering Society Summer Meeting},
  title={Understanding and solving short-term voltage stability problems},
  year={2002},
  volume={2},
  pages={745-752 vol.2},
  doi={10.1109/PESS.2002.1043412}
}

@book{cutsem1998,
  title={Voltage Stability of Electric Power Systems},
  author={Cutsem, T. V. and Vournas, C.},
  isbn={0792381394},
  year={1998},
  publisher={Springer},
}

@article{zhang2014,
author = {Xu, Y. and Dong, Z. Y. and Meng, K. and Yao, W. F and Zhang, R. and Wong, K. P.},
year = {2014},
pages = {2813-2822},
title = {Multi-objective dynamic VAR planning against short-term voltage instability using a decomposition-based evolutionary algorithm},
volume = {29},
issn = {0885-8950},
journal = {IEEE Transactions on Power Systems},
doi = {10.1109/TPWRS.2014.2310733}
}

@INPROCEEDINGS{schmidt1992,
author={Schmidt, W. F. and Kraaijveld, M.A. and Duin, R. P. W.},  
booktitle={Proceedings., 11th IAPR International Conference on Pattern Recognition. Vol.II. Conference B: Pattern Recognition Methodology and Systems},
title={Feedforward neural networks with random weights},
year={1992},
pages={1-4},
doi={10.1109/ICPR.1992.201708}
}

@INPROCEEDINGS{zhang2012,
author={Zhang, R. and Xu, Y. and Dong, Z. Y. and Hill, D. J.},
booktitle={IEEE Power and Energy Society General Meeting},
title={Feature selection for intelligent stability assessment of power systems},
year={2012},
pages={1-7},
doi={10.1109/PESGM.2012.6344780}
}

@book{duda1973,
  title={Pattern Classification and Scene Analysis},
  author={Duda, R. O. and Hart, P. E.},
  isbn={0471223611},
  year={1973},
  publisher={Wiley},
}

@article{linden1989,
  title={Inversion of multilayer nets},
  author={Linden, A. and Kindermann, J.},
  journal={International 1989 Joint Conference on Neural Networks},
  year={1989},
  pages={425-430 vol. 2}
}

@ARTICLE{kohonen1990,
author={Kohonen, T.},
journal={Proceedings of the IEEE},
title={The self-organizing map},
year={1990},
volume={78},
number={9},
pages={1464-1480},
doi={10.1109/5.58325}
}

@article{huang1996,
title = {Contour refinement by enhanced query-based learning},
author = {Huang, S. J. and Hung, C. C.},
year = {1996},
volume = {2},
pages = {616--619},
journal = {Proceedings - IEEE International Symposium on Circuits and Systems},
issn = {0271-4310},
publisher = {Institute of Electrical and Electronics Engineers Inc.},
note = {Proceedings of the 1996 IEEE International Symposium on Circuits and Systems, ISCAS. Part 1 (of 4)}
}

@article{chang1997,
  doi = {10.1109/72.557657},
  year = {1997},
  publisher = {Institute of Electrical and Electronics Engineers (IEEE)},
  volume = {8},
  number = {2},
  pages = {205--217},
  author = {Chang, R. I. and Hsiao, P. Y.},
  title = {Unsupervised query-based learning of neural networks using selective-attention and self-regulation},
  journal = {IEEE Transactions on Neural Networks}
}

@INPROCEEDINGS{huan1996,
  author={Huang, S. J. and Hung, C. C.},
  booktitle={1996 IEEE International Symposium on Circuits and Systems (ISCAS)},
  title={Contour refinement by enhanced query-based learning},
  year={1996},
  volume={2},
  pages={616-619 vol.2},
  doi={10.1109/ISCAS.1996.541800}
}

@ARTICLE{hsu1992,
  author={HSU, Y.Y. and KUO, H.C.},
  journal={IEEE Transactions on Power Systems},
  title={Fuzzy-set based contingency ranking (power system security)},
  year={1992},
  volume={7},
  number={3},
  pages={1189-1196},
  doi={10.1109/59.207333}
}

@book{debs1988,
  title={Modern Power Systems Control and Operation},
  author={Debs, A.S},
  isbn={978-1-4613-1073-0},
  year={1988},
  publisher={Springer},
}

@ARTICLE{pang1974,
  author={Pang, C. K. and Prabhakara, F. S. and El-abiad, A. H. and Koivo, A. J.},
  journal={IEEE Transactions on Power Apparatus and Systems},
  title={Security Evaluation in Power Systems Using Pattern Recognition},
  year={1974},
  volume={PAS-93},
  number={3},
  pages={969-976},
  doi={10.1109/TPAS.1974.294016}
}

@article{fukunaga1970,
  title={Application of the Karhunen-Loève Expansion to Feature Selection and Ordering},
  author={Fukunaga, K and Koontz, W. L. G.},
  journal={IEEE Trans. Computers},
  year={1970},
  volume={19},
  pages={311-318}
}

@INPROCEEDINGS{huang1995,
  author={Huang, S.J. and Hung, C. C.},
  booktitle={Proceedings of ICNN'95 - International Conference on Neural Networks},
  title={Genetic algorithms enhanced Kohonen's neural networks},
  year={1995},
  volume={2},
  pages={708-712 vol.2},
  doi={10.1109/ICNN.1995.487503}
}

@ARTICLE{ghosh2013,
  author={Ghosh, D. and Ghose, T. and Mohanta, D.K},
  journal={IEEE Transactions on Industrial Informatics},
  title={Communication Feasibility Analysis for Smart Grid With Phasor Measurement Units},
  year={2013},
  volume={9},
  number={3},
  pages={1486-1496},
  doi={10.1109/TII.2013.2248371}
}

@ARTICLE{aminifar2009,
  author={Aminifar, F. and Lucas, C. and Khodaei, A. and Fotuhi-Firuzabad, M.},
  journal={IEEE Transactions on Power Delivery},
  title={Optimal Placement of Phasor Measurement Units Using Immunity Genetic Algorithm},
  year={2009},
  volume={24},
  number={3},
  pages={1014-1020},
  doi={10.1109/TPWRD.2009.2014030}
}

@INPROCEEDINGS{paramathma2019,
  author={Paramathma, M. K. and Devaraj, D.},
  booktitle={2019 IEEE International Conference on Clean Energy and Energy Efficient Electronics Circuit for Sustainable Development (INCCES)},
  title={Genetic Algorithm Based Approach for the Determination of Optimal Locations and Observability of Phasor Measurement Unit (PMU) Under Smart Grid Environment},
  year={2019},
  pages={1-4},
  doi={10.1109/INCCES47820.2019.9167700}
}

@article{devaraj2007,
title = {Artificial neural network model for voltage security based contingency ranking},
journal = {Applied Soft Computing},
volume = {7},
number = {3},
pages = {722-727},
year = {2007},
issn = {1568-4946},
doi = {https://doi.org/10.1016/j.asoc.2005.11.010},
author = {Devaraj, D. and Roselyn, J. P. and Rani, R. U.},
}

@INPROCEEDINGS{weerasooriya1991,
  author={Weerasooriya, S. and El-Sharkawi, M. A.},
  booktitle={Proceedings of the First International Forum on Applications of Neural Networks to Power Systems},
  title={Use of Karhunen-Loe've expansion in training neural networks for static security assessment},
  year={1991},
  pages={59-64},
  doi={10.1109/ANN.1991.213498}
}

@book{leon2008,
  title={Probability, Statistics, and Random Processes for Electrical Engineering},
  author={Leon-Garcia, A.},
  isbn={9780131471221},
  lccn={2007046492},
  year={2008},
  publisher={Pearson/Prentice Hall}
}

@book{larson1982,
  title={Introduction to Probability Theory and Statistical Inference},
  author={Larson, H.J.},
  isbn={9780471059097},
  lccn={81016246},
  series={Wiley series in probability and mathematical statistics},
  year={1982},
  publisher={Wiley}
}

@INPROCEEDINGS{sunitha2009,
  author={Sunitha, R. and Sreerama, K. R. and Abraham, T. M.},
  booktitle={TENCON 2009 - 2009 IEEE Region 10 Conference},
  title={Development of a composite security index for static security evaluation},
  year={2009},
  pages={1-6},
  doi={10.1109/TENCON.2009.5396229}
}

@ARTICLE{sidhu2000,
  author={Sidhu, T.S. and Lan, C.},
  journal={IEEE Transactions on Power Systems},
  title={Contingency screening for steady-state security analysis by using FFT and artificial neural networks},
  year={2000},
  volume={15},
  number={1},
  pages={421-426},
  doi={10.1109/59.852154}
}

@book{billinton1996,
  doi = {10.1007/978-1-4899-1860-4},
  year = {1996},
  publisher = {Springer US},
  author = {Billinton, R. and Allan, R. N.},
  title = {Reliability Evaluation of Power Systems}
}

@ARTICLE{2007,
author={Amjady, N. and Majedi, S. F.},
journal={IEEE Transactions on Power Systems},
title={Transient Stability Prediction by a Hybrid Intelligent System},
year={2007},
volume={22},
number={3},
pages={1275-1283},
doi={10.1109/TPWRS.2007.901667}
}

@ARTICLE{amjady1999,
author={Amjady, N. and Ehsan, M.},
journal={IEEE Transactions on Power Systems},
title={Evaluation of power systems reliability by an artificial neural network},
year={1999},
volume={14},
number={1},
pages={287-292},
doi={10.1109/59.744545}}

@INPROCEEDINGS{chowdhury2001,
author={Chowdhury, B. H. and Taylor, C. W.},
booktitle={2001 IEEE Power Engineering Society Winter Meeting Conference Proceedings},
title={Voltage stability analysis: V-Q power flow simulation versus dynamic simulation},
year={2001},
volume={3},
pages={1146},
doi={10.1109/PESW.2001.917234}
}

@INPROCEEDINGS{amjady2005,
  author={Amjady, N.},
  booktitle={IEEE Power Engineering Society General Meeting, 2005},
  title={Voltage security evaluation by a new framework based on the load domain margin and continuation method},
  year={2005},
  pages={2914-2920 Vol. 3},
  doi={10.1109/PES.2005.1489205}
}

@article{sunitha2011,
author = {Rajan, S. and Sreerama, R. and Mathew, D.},
year = {2011},
pages = {1-14},
title = {A Composite Security Index for On-line Steady-state Security Evaluation},
volume = {39},
journal = {Electric Power Components and Systems},
doi = {10.1080/15325008.2010.492448}
}

@ARTICLE{mikolinnas1981,
  author={Mikolinnas, T. A. and Wollenberg, B. F.},
  journal={IEEE Power Engineering Review},
  title={An Advanced Contingency Selection Algorithm},
  year={1981},
  volume={PER-1},
  number={2},
  pages={25-26},
  doi={10.1109/MPER.1981.5511268}
}

@book{rosenblatt1958,
  title={The Perceptron: A Theory of Statistical Separability in Cognitive Systems},
  author={Rosenblatt, F.},
  series={Cornell Aeronautical Laboratory, Inc},
  year={1958},
  publisher={Cornell Aeronautical Laboratory}
}

@incollection{ayodele2013,
  doi = {10.1007/978-3-642-34336-0_9},
  year = {2013},
  publisher = {Springer Berlin Heidelberg},
  pages = {131--150},
  author = {Ayodele, T. R. and Jimoh, A. G. A. and Munda, J. and Agee, J.},
  title = {Dynamic Response of a Wind Farm Consisting of Doubly-Fed Induction Generators to Network Disturbance},
  booktitle = {Advances in Intelligent Systems and Computing}
}

@inproceedings{ghahremani2008,
author = {Ghahremani, E. and Karrari, M. and Menhaj, M. and Malik, O. P.},
year = {2008},
month = {10},
pages = {1 - 5},
title = {Rotor angle estimation of synchronous generator from online measurement},
journal = {Proceedings of the Universities Power Engineering Conference},
doi = {10.1109/UPEC.2008.4651645}
}

@INPROCEEDINGS{arzamasov2018,
author={Arzamasov, V. and Böhm, K. and Jochem, P.},
booktitle={2018 IEEE International Conference on Communications, Control, and Computing Technologies for Smart Grids (SmartGridComm)},
title={Towards Concise Models of Grid Stability},
year={2018},
pages={1-6},
doi={10.1109/SmartGridComm.2018.8587498}
}

@article{schafer2015,
author = {Schäfer, B. and Matthiae, M. and Timme, M. and Witthaut, D.},
year = {2015},
title = {Decentral Smart Grid Control},
volume = {17},
journal = {New Journal of Physics},
doi = {10.1088/1367-2630/17/1/015002}
}

@INPROCEEDINGS{zhang2021,
  author={Zhang, H. and Shen, S. and Shen, Y.},
  booktitle={2021 China Automation Congress (CAC)},
  title={Power System Transient Stability Evaluation Based on Multilayer Perceptron Neural Network},
  year={2021},
  pages={3313-3316},
  doi={10.1109/CAC53003.2021.9727444}}

@INPROCEEDINGS{wang2012,
  author={Wang, L. and Tong, J. and Li, H.},
  booktitle={2012 IEEE International Conference on Power System Technology (POWERCON)}, 
  title={An application example for on-line DSA systems}, 
  year={2012},
  pages={1-5},
  doi={10.1109/PowerCon.2012.6401270}}

@ARTICLE{ajjarapu2011,
  author={Luo, C. and Ajjarapu, V.},
  journal={IEEE Transactions on Power Systems},
  title={Sensitivity-Based Efficient Identification of Oscillatory Stability Margin and Damping Margin Using Continuation of Invariant Subspaces},
  year={2011},
  volume={26},
  number={3},
  pages={1484-1492},
  doi={10.1109/TPWRS.2010.2098424}}

@INPROCEEDINGS{saha2009,
  author={Atputharajah, Arulampalam and Saha, Tapan Kumar},
  booktitle={2009 International Conference on Industrial and Information Systems (ICIIS)},
  title={Power system blackouts - literature review},
  year={2009},
  pages={460-465},
  doi={10.1109/ICIINFS.2009.5429818}}
